{
  "leader": "02408cam a2200493 a 4500",
  "fields": [
    {
      "001": "ocm17356629\\"
    },
    {
      "003": "OCoLC"
    },
    {
      "005": "20221221163451.0"
    },
    {
      "008": "880118s1987\\\\\\\\mx\\afh\\\\\\b\\\\\\\\000\\0\\eng\\d"
    },
    {
      "040": {
        "ind1": "\\",
        "ind2": "\\",
        "subfields": [
          {
            "a": "CHE"
          },
          {
            "b": "eng"
          },
          {
            "c": "CHE"
          },
          {
            "d": "OCL"
          },
          {
            "d": "OCLCQ"
          },
          {
            "d": "ZYU"
          },
          {
            "d": "UX0"
          },
          {
            "d": "YDXCP"
          },
          {
            "d": "DRB"
          },
          {
            "d": "OCLCG"
          },
          {
            "d": "OCLCQ"
          },
          {
            "d": "DEBBG"
          },
          {
            "d": "UKBCI"
          },
          {
            "d": "COD"
          },
          {
            "d": "OCLCO"
          },
          {
            "d": "CHVBK"
          },
          {
            "d": "OCLCF"
          },
          {
            "d": "OCLCQ"
          },
          {
            "d": "OCL"
          },
          {
            "d": "OCLCQ"
          },
          {
            "d": "OCLCO"
          },
          {
            "d": "OCLCQ"
          },
          {
            "d": "OCLCA"
          },
          {
            "d": "OCLCO"
          },
          {
            "d": "OCLCQ"
          }
        ]
      }
    },
    {
      "020": {
        "ind1": "\\",
        "ind2": "\\",
        "subfields": [
          {
            "a": "9686126031"
          }
        ]
      }
    },
    {
      "020": {
        "ind1": "\\",
        "ind2": "\\",
        "subfields": [
          {
            "a": "9789686126037"
          }
        ]
      }
    },
    {
      "035": {
        "ind1": "\\",
        "ind2": "\\",
        "subfields": [
          {
            "a": "(OCoLC)17356629"
          }
        ]
      }
    },
    {
      "041": {
        "ind1": "0",
        "ind2": "\\",
        "subfields": [
          {
            "a": "eng"
          },
          {
            "a": "spa"
          }
        ]
      }
    },
    {
      "043": {
        "ind1": "\\",
        "ind2": "\\",
        "subfields": [
          {
            "a": "n-us-ny"
          }
        ]
      }
    },
    {
      "050": {
        "ind1": "\\",
        "ind2": "4",
        "subfields": [
          {
            "a": "N6559.R58"
          },
          {
            "b": "D54 1987"
          }
        ]
      }
    },
    {
      "082": {
        "ind1": "0",
        "ind2": "4",
        "subfields": [
          {
            "a": "759.972"
          },
          {
            "b": "DIE"
          }
        ]
      }
    },
    {
      "245": {
        "ind1": "0",
        "ind2": "0",
        "subfields": [
          {
            "a": "Diego Rivera :"
          },
          {
            "b": "paradise lost at Rockefeller Center /"
          },
          {
            "c": "Irene Herner de Larrea [and others] ; prologue by Carlos Sirvent."
          }
        ]
      }
    },
    {
      "250": {
        "ind1": "\\",
        "ind2": "\\",
        "subfields": [
          {
            "a": "1st english ed."
          }
        ]
      }
    },
    {
      "260": {
        "ind1": "\\",
        "ind2": "\\",
        "subfields": [
          {
            "a": "Me\u0301xico, D.F. :"
          },
          {
            "b": "EDICUPES,"
          },
          {
            "c": "1987."
          }
        ]
      }
    },
    {
      "300": {
        "ind1": "\\",
        "ind2": "\\",
        "subfields": [
          {
            "a": "228 pages, 24 unnumbered pages of plates :"
          },
          {
            "b": "illustrations (some color), facsimiles ;"
          },
          {
            "c": "34 cm"
          }
        ]
      }
    },
    {
      "336": {
        "ind1": "\\",
        "ind2": "\\",
        "subfields": [
          {
            "a": "text"
          },
          {
            "b": "txt"
          },
          {
            "2": "rdacontent"
          }
        ]
      }
    },
    {
      "337": {
        "ind1": "\\",
        "ind2": "\\",
        "subfields": [
          {
            "a": "unmediated"
          },
          {
            "b": "n"
          },
          {
            "2": "rdamedia"
          }
        ]
      }
    },
    {
      "338": {
        "ind1": "\\",
        "ind2": "\\",
        "subfields": [
          {
            "a": "volume"
          },
          {
            "b": "nc"
          },
          {
            "2": "rdacarrier"
          }
        ]
      }
    },
    {
      "500": {
        "ind1": "\\",
        "ind2": "\\",
        "subfields": [
          {
            "a": "\"April 1987.\""
          }
        ]
      }
    },
    {
      "500": {
        "ind1": "\\",
        "ind2": "\\",
        "subfields": [
          {
            "a": "Includes text of American periodical articles and Spanish translations, p. 65-193."
          }
        ]
      }
    },
    {
      "504": {
        "ind1": "\\",
        "ind2": "\\",
        "subfields": [
          {
            "a": "Includes bibliographical references (pages 223-228)."
          }
        ]
      }
    },
    {
      "505": {
        "ind1": "0",
        "ind2": "\\",
        "subfields": [
          {
            "a": "Prologue / Carlos Sirvant -- Chronology (1886-1934) -- A edeeming re-evaluation -- The alternative -- Paradise lost at Rockefeller Center -- Newspaper and magazine articles -- A painter undeniably has author's rights / Gabriel E. Larrea R. -- Diego Rivera's mural in the Palace of Fine Arts (Mexico City) / Rafael Angel Herreri\u0301as."
          }
        ]
      }
    },
    {
      "600": {
        "ind1": "1",
        "ind2": "0",
        "subfields": [
          {
            "a": "Rivera, Diego,"
          },
          {
            "d": "1886-1957"
          },
          {
            "x": "Criticism and interpretation."
          }
        ]
      }
    },
    {
      "610": {
        "ind1": "2",
        "ind2": "0",
        "subfields": [
          {
            "a": "Rockefeller Center."
          }
        ]
      }
    },
    {
      "650": {
        "ind1": "\\",
        "ind2": "0",
        "subfields": [
          {
            "a": "Mural painting and decoration"
          },
          {
            "z": "New York (State)"
          },
          {
            "z": "New York"
          },
          {
            "y": "20th century"
          },
          {
            "x": "Themes, motives."
          }
        ]
      }
    },
    {
      "600": {
        "ind1": "1",
        "ind2": "7",
        "subfields": [
          {
            "a": "Rivera, Diego,"
          },
          {
            "d": "1886-1957"
          },
          {
            "2": "fast"
          },
          {
            "0": "(OCoLC)fst00035775"
          }
        ]
      }
    },
    {
      "610": {
        "ind1": "2",
        "ind2": "7",
        "subfields": [
          {
            "a": "Rockefeller Center."
          },
          {
            "2": "fast"
          },
          {
            "0": "(OCoLC)fst00513426"
          }
        ]
      }
    },
    {
      "650": {
        "ind1": "\\",
        "ind2": "7",
        "subfields": [
          {
            "a": "Mural painting and decoration"
          },
          {
            "x": "Themes, motives."
          },
          {
            "2": "fast"
          },
          {
            "0": "(OCoLC)fst01029574"
          }
        ]
      }
    },
    {
      "651": {
        "ind1": "\\",
        "ind2": "7",
        "subfields": [
          {
            "a": "New York (State)"
          },
          {
            "z": "New York."
          },
          {
            "2": "fast"
          },
          {
            "0": "(OCoLC)fst01204333"
          }
        ]
      }
    },
    {
      "648": {
        "ind1": "\\",
        "ind2": "7",
        "subfields": [
          {
            "a": "1900-1999"
          },
          {
            "2": "fast"
          }
        ]
      }
    },
    {
      "655": {
        "ind1": "\\",
        "ind2": "7",
        "subfields": [
          {
            "a": "Criticism, interpretation, etc."
          },
          {
            "2": "fast"
          },
          {
            "0": "(OCoLC)fst01411635"
          }
        ]
      }
    },
    {
      "700": {
        "ind1": "1",
        "ind2": "\\",
        "subfields": [
          {
            "a": "Herner de Larrea, Irene."
          }
        ]
      }
    },
    {
      "700": {
        "ind1": "1",
        "ind2": "\\",
        "subfields": [
          {
            "a": "Larrea, Gabriel."
          }
        ]
      }
    },
    {
      "700": {
        "ind1": "1",
        "ind2": "\\",
        "subfields": [
          {
            "a": "Herreri\u0301as, Rafael Angel."
          }
        ]
      }
    },
    {
      "994": {
        "ind1": "\\",
        "ind2": "\\",
        "subfields": [
          {
            "a": "Z0"
          },
          {
            "b": "NYRVC"
          }
        ]
      }
    },
    {
      "948": {
        "ind1": "\\",
        "ind2": "\\",
        "subfields": [
          {
            "h": "NO HOLDINGS IN NYRVC - 164 OTHER HOLDINGS"
          }
        ]
      }
    },
    {
      "999": {
        "ind1": "\\",
        "ind2": "\\",
        "subfields": [
          {
            "a": "00000000010421"
          },
          {
            "b": "Copy 1"
          }
        ]
      }
    },
    {
      "999": {
        "ind1": "\\",
        "ind2": "\\",
        "subfields": [
          {
            "a": "00000000010425"
          },
          {
            "b": "Copy 2"
          }
        ]
      }
    }
  ]
}